%SPD AIM
@article{pennec2006riemannian,
  title={A Riemannian framework for tensor computing},
  author={Pennec, Xavier and Fillard, Pierre and Ayache, Nicholas},
  journal={International Journal of computer vision},
  volume={66},
  pages={41--66},
  year={2006},
  publisher={Springer}
}

%SPD log-eucl 
@article{arsigny2007geometric,
  title={Geometric means in a novel vector space structure on symmetric positive-definite matrices},
  author={Arsigny, Vincent and Fillard, Pierre and Pennec, Xavier and Ayache, Nicholas},
  journal={SIAM journal on matrix analysis and applications},
  volume={29},
  number={1},
  pages={328--347},
  year={2007},
  publisher={SIAM}
}
%SPD AI
@article{sra2015conic,
  title={Conic geometric optimization on the manifold of positive definite matrices},
  author={Sra, Suvrit and Hosseini, Reshad},
  journal={SIAM Journal on Optimization},
  volume={25},
  number={1},
  pages={713--739},
  year={2015},
  publisher={SIAM}
}
%Edelman Stiefel canonical metric vs euclidean
@article{edelman1998geometry,
  title={The geometry of algorithms with orthogonality constraints},
  author={Edelman, Alan and Arias, Tom{\'a}s A and Smith, Steven T},
  journal={SIAM journal on Matrix Analysis and Applications},
  volume={20},
  number={2},
  pages={303--353},
  year={1998},
  publisher={SIAM}
}
%Absil
@book{absil2008optimization,
  title={Optimization algorithms on matrix manifolds},
  author={Absil, P-A and Mahony, Robert and Sepulchre, Rodolphe},
  year={2008},
  publisher={Princeton University Press}
}
%Boumal
@book{boumal2023introduction,
  title={An introduction to optimization on smooth manifolds},
  author={Boumal, Nicolas},
  year={2023},
  publisher={Cambridge University Press}
}
%conjugate gradient
@article{hager2006survey,
  title={A survey of nonlinear conjugate gradient methods},
  author={Hager, William W and Zhang, Hongchao},
  journal={Pacific journal of Optimization},
  volume={2},
  number={1},
  pages={35--58},
  year={2006}
}
